@ARTICLE{Abourachid,
    author = {Anick Abourachid and Marc Herbin and Remi Hackert and Ludovic Maes and and Veronique Martin},
    title = {Experimental study of coordination patterns during unsteady locomotion in mammals },
    journal = {J. Experimental Biology},
    year = {207},
    volume = {210},
    pages = {366-377}
}

@ARTICLE{2011-TOG-quadruped,
    author = {Stelian Coros and Andrej Karpathy and Ben Jones and Lionel Reveret and Michiel van de Panne},
    title = {Locomotion Skills for Simulated Quadrupeds},
    journal = {ACM Transactions on Graphics},
    year = {July, 2011},
    volume = {30},
    number = {4},
    pages = {59:1-59:12}
}

@ARTICLE{gait_graph,
    author = {Alexander R.},
    title = {The gaits of bipedal and quadrupedal animals},
    journal = {The International Journal of Robotics Research},
    year = {1984},
    volume = {3},
    number = {2},
    pages = {49-59}
}

@misc{2011-TOG-quadruped-video,
	author = {Stelian Coros and Andrej Karpathy and Ben Jones and Lionel Reveret and Michiel van de Panne},
  	title = {{Locomotion Skills for Simulated Quadrupeds, Video}},
  	howpublished = "\url{https://www.youtube.com/watch?v=dRthdBr46cs}",
  	note = "[Online; uploaded 09-May-2011]"
}

@misc{Wildcat,
  author = {Boston Dynamics},
  title = {{Introducing Wildcat}},
  howpublished = "\url{https://www.youtube.com/watch?v=wE3fmFTtP9g#t=46}",
  note = "[Online; uploaded 03-October-2013]"
}

