@ARTICLE{2011-TOG-quadruped,
    author = {Stelian Coros and Andrej Karpathy and Ben Jones and Lionel Reveret and Michiel van de Panne},
    title = {Locomotion Skills for Simulated Quadrupeds},
    journal = {ACM Transactions on Graphics},
    year = {July, 2011},
    volume = {30},
    number = {4},
    pages = {59:1-59:12}
}


@misc{Wildcat,
	author = {Boston Dynamics},
  	title = {Introducing Wildcat},
  	url = {https://www.youtube.com/watch?v=wE3fmFTtP9g#t=46},
  	note = {Published: 2013-10-03}
}